 @misc{edwards_ubb_2018, title={Languages of Flores}, url={https://vici.marianklamer.org/linguistic-maps.html}, journal={Linguistic Maps}, publisher={Marian Klamer}, author={Edwards, Owen and UBB}, year={2018}} 
 
 @article{fricke_2015, title={Hewa Dictionary}, url={https://archive.mpi.nl/tla/islandora/object/tla%3A1839_33ae4c48_4c24_4f1b_beb7_db58d8e5c04a}, author={Fricke, Hanna}, year={2015}, month={Jul}} 
 
  @article{klamer_2015, place={Nijmegen}, title={Word List}, url={https://archive.mpi.nl/tla/islandora/object/tla%3A1839_baa87203_a7a7_41ac_8f50_32333beb1617}, author={Klamer, Marian}, year={2015}, month={May}} 